@book{karhunen,
  language = {dutch},
  title="{{\"U}ber lineare Methoden in der Wahrscheinlichkeitsrechnung}",
  author={Karhunen, K.},
  series={An- nales Academiae Scientiarum Fennicae: Ser. A 1},
  year={1947}
}

@book{loeve,
  title="{Fonctions Al{\'e}atoires du second ordre}",
  author={Lo{\`e}ve, M.},
  year={1948},
  address={Paris},
  publisher={Processus Stochas- tique et Mouvement Brownien, P. Levy (ed.)}
}

@book{Golyandina2013,
  title = "{Singular Spectrum Analysis for Time Series}",
  ISBN = {9783642349133},
  ISSN = {2191-5458},
  DOI = {10.1007/978-3-642-34913-3},
  journal = {SpringerBriefs in Statistics},
  publisher = {Springer Berlin Heidelberg},
  author = {Golyandina,  Nina and Zhigljavsky,  Anatoly},
  year = {2013}
}

@article{Efimov2020,
  title = "{Principal component analysis and its generalizations for any type of sequence (PCA-Seq)}",
  volume = {23},
  ISSN = {2500-0462},
  DOI = {10.18699/vj19.584},
  number = {8},
  journal = {Vavilov Journal of Genetics and Breeding},
  publisher = {Institute of Cytology and Genetics,  SB RAS},
  author = {Efimov, V. M. and Efimov, K. V. and Kovaleva, V. Y.},
  year = {2020},
  month = jan,
  pages = {1032–1036}
}

@article{Efimov2013,
  title = "{Geometric properties of evolu- tionary distances}",
  volume = {17},
  number = {4/1},
  journal = {Vavilov Journal of Genetics and Breeding},
  publisher = {Institute of Cytology and Genetics,  SB RAS},
  author = {Efimov, V. M. and Melchakova, M.A. and Kovaleva, V.Y.},
  year = {2013},
  pages = {714–723}
}

@article{Gower1966,
  title = "{Some Distance Properties of Latent Root and Vector Methods Used in Multivariate Analysis}",
  volume = {53},
  ISSN = {0006-3444},
  DOI = {10.2307/2333639},
  number = {3/4},
  journal = {Biometrika},
  publisher = {JSTOR},
  author = {Gower,  J. C.},
  year = {1966},
  month = dec,
  pages = {325}
}

@article{gusev,
  language = {russian},
  author = "{Гусев В. Д.}", 
  title = "{Характеристики символьных последовательностей}",
  journal = {Машинные методы обнаружения закономерностей (Вычислительные системы)},
  number = {88},
  year = {1981},
  pages = {112-123}
}

@article{DiGiacomo2022,
  title = "{ThermoBase: A database of the phylogeny and physiology of thermophilic and hyperthermophilic organisms}",
  volume = {17},
  ISSN = {1932-6203},
  DOI = {10.1371/journal.pone.0268253},
  number = {5},
  journal = {PLOS ONE},
  publisher = {Public Library of Science (PLoS)},
  author = {DiGiacomo,  Juliana and McKay,  Christopher and Davila,  Alfonso},
  editor = {Brazelton,  William J.},
  year = {2022},
  month = may,
  pages = {e0268253}
}

@article{Zhao2023,
  title = "{DeepTP: A Deep Learning Model for Ther- mophilic Protein Prediction}",
  volume = {24},
  ISSN = {1422-0067},
  DOI = {10.3390/ijms24032217},
  number = {3},
  journal = {International Journal of Molecular Sciences},
  publisher = {MDPI AG},
  author = {Zhao,  Jianjun and Yan,  Wenying and Yang,  Yang},
  year = {2023},
  month = jan,
  pages = {2217}
}

@article{pearson1901,
  added-at = {2022-01-19T20:20:40.000+0100},
  author = {Pearson, Karl},
  biburl = {https://www.bibsonomy.org/bibtex/20a8eb2c3064f96832cc6951c8cbb49b2/becker},
  interhash = {e132a39c917f8f4edf2867e44069d1fa},
  intrahash = {0a8eb2c3064f96832cc6951c8cbb49b2},
  journal = {The London, Edinburgh, and Dublin philosophical magazine and journal of science},
  keywords = {pca paper:cordis citedby:scholar:count:13472 citedby:scholar:timestamp:2022-1-19},
  number = 11,
  pages = {559--572},
  publisher = {Taylor \& Francis},
  timestamp = {2022-01-19T20:20:40.000+0100},
  title = "{On lines and planes of closest fit to systems of points in space}",
  volume = 2,
  year = 1901
}

@article{Marczewski1958,
  author = {Marczewski, Edward and Steinhaus, Hugo},
  journal = {Colloquium Mathematicum},
  keywords = {differentiation and integration of real functions, measure theory},
  language = {eng},
  number = {1},
  pages = {319-327},
  title = "{On a certain distance of sets and the correspon- ding distance of functions}",
  volume = {6},
  year = {1958},
}

@article{Gower1986,
  title = "{Metric and Euclidean properties of dissimilarity coefficients}",
  volume = {3},
  ISSN = {1432-1343},
  DOI = {10.1007/bf01896809},
  number = {1},
  journal = {Journal of Classification},
  publisher = {Springer Science and Business Media LLC},
  author = {Gower,  J. C. and Legendre,  P.},
  year = {1986},
  month = mar,
  pages = {5–48}
}

@article{CavalliSforza1967,
  title = "{Phylogenetic Analysis: Models and Estimation Procedures}",
  volume = {21},
  ISSN = {0014-3820},
  DOI = {10.2307/2406616},
  number = {3},
  journal = {Evolution},
  publisher = {Oxford University Press (OUP)},
  author = {Cavalli-Sforza,  L. L. and Edwards,  A. W. F.},
  year = {1967},
  month = sep,
  pages = {550}
}

@article{Anderson1981,
  title = "{Sequence and organization of the human mitochondrial genome}",
  volume = {290},
  ISSN = {1476-4687},
  DOI = {10.1038/290457a0},
  number = {5806},
  journal = {Nature},
  publisher = {Springer Science and Business Media LLC},
  author = {Anderson,  S. and Bankier,  A. T. and Barrell,  B. G. and de Bruijn,  M. H. L. and Coulson,  A. R. and Drouin,  J. and Eperon,  I. C. and Nierlich,  D. P. and Roe,  B. A. and Sanger,  F. and Schreier,  P. H. and Smith,  A. J. H. and Staden,  R. and Young,  I. G.},
  year = {1981},
  month = apr,
  pages = {457–465}
}

@article{Bhasin2004,
  title = "{Classification of Nuclear Receptors Based on Amino Acid Composition and Dipeptide Composition}",
  volume = {279},
  ISSN = {0021-9258},
  DOI = {10.1074/jbc.m401932200},
  number = {22},
  journal = {Journal of Biolo- gical Chemistry},
  publisher = {Elsevier BV},
  author = {Bhasin,  Manoj and Raghava,  Gajendra P.S.},
  year = {2004},
  month = may,
  pages = {23262–23266}
}

@article{Harris2003,
  title = "{WormBase: a cross-species database for comparative genomics}",
  volume = {31},
  ISSN = {1362-4962},
  DOI = {10.1093/nar/gkg053},
  number = {1},
  journal = {Nucleic Acids Research},
  publisher = {Oxford University Press (OUP)},
  author = {Harris,  T. W.},
  year = {2003},
  month = jan,
  pages = {133–137}
}

@article{levenshtein1965,
  language = {russian},
  author = "{Левенштейн В. И.}",
  year = {1965},
  title = "{Двоичные коды с исправлением выпадений, вставок и замещений символов}",
  journal = {Доклады Академий Наук СCCP},
  volume = {163},
  number = {4},
  pages = {845–848}
}

@book{gasfild2003,
  language = {russian},
  author = "{Гасфилд Д.}",
  year = {2003},
  title = "{Строки, деревья и последовательности в алгоритмах}",
  publisher = {BHV}
}

@article{Eiter1994ComputingDF,
  title="{Computing Discrete Fr{\'e}chet Distance}",
  author={Eiter, Thomas and Mannila, Heikki},
  year={1994}
}

@incollection{takens,
  abstract = {{Without Abstract}},
  added-at = {2017-06-29T07:13:07.000+0200},
  address = {Berlin},
  author = {Takens, Floris},
  biburl = {https://www.bibsonomy.org/bibtex/239782de7849c029ffdd9d2d7e00c457e/gdmcbain},
  booktitle = {Dynamical Systems and Turbulence, Warwick 1980},
  chapter = 21,
  citeulike-article-id = {2735031},
  citeulike-attachment-1 = {takens_81_detecting.pdf; /pdf/user/gdmcbain/article/2735031/1026091/takens_81_detecting.pdf; 4039236d89b682a2ab7aa9baaa4057707161d9be},
  citeulike-linkout-0 = {http://dx.doi.org/10.1007/bfb0091924},
  citeulike-linkout-1 = {http://www.springerlink.com/content/b254x77553874745},
  citeulike-linkout-2 = {http://link.springer.com/chapter/10.1007/BFb0091924},
  doi = {10.1007/bfb0091924},
  file = {takens_81_detecting.pdf},
  interhash = {9e78058fabc23557b8a7b9201be0a9b8},
  intrahash = {39782de7849c029ffdd9d2d7e00c457e},
  isbn = {978-3-540-11171-9},
  keywords = {91b84-economic-time-series-analysis 35b41-pdes-attractors 62m10-time-series-auto-correlation-regression},
  pages = {366--381},
  posted-at = {2015-07-15 03:17:15},
  priority = {2},
  publisher = {Springer},
  series = {Lecture Notes in Mathematics},
  timestamp = {2021-01-19T06:16:33.000+0100},
  title = {{Detecting Strange Attractors in Turbulence}},
  volume = 898,
  year = 1981
}

@article{bulygin,
  author = {Bulygin, A. and Kuznetsova, A. and Fedorova, O. and Kuznetsov, N.},
  year = {2023},
  pages = {182-192},
  title = "{Comparative Analysis of Family A DNA-Polymerases as a Searching Tool for Enzymes with New Properties}",
  volume = {57},
  journal = {Molecular Biology},
  doi = {10.1134/S0026893323020048}
}

@article{Meng2022,
  title = "{TMPpred: A support vector machine-based ther- mophilic protein identifier}",
  volume = {645},
  ISSN = {0003-2697},
  DOI = {10.1016/j.ab.2022.114625},
  journal = {Analytical Biochemistry},
  publisher = {Elsevier BV},
  author = {Meng,  Chaolu and Ju,  Ying and Shi,  Hua},
  year = {2022},
  month = may,
  pages = {114625}
}
